% This file was created with JabRef 2.6.
% Encoding: Cp1252


@article{GRASSGIS,
	author = {Markus Neteler and M. Hamish Bowman and Martin Landa and Markus Metz},
	title = {GRASS GIS: A multi-purpose open source GIS},
	journal = {Environmental Modelling & Software},
	year = {2012},
	pages = {124 - 130},
	volume = {31}
}

@misc{python,
  author = "{Python Software Foundation}",
  year = {2015},
  title = {Should I use Python 2 or Python 3 for my development activity?},
  howpublished = {\url{http://wiki.python.org/moin/Python2orPython3}},
  note = {Accessed: 2015-05-05}
}

@misc{rwatershed,
  author = {Charles Echlschlaeger},
  year = {2015},
  title = {r.watershed},
  howpublished = {\url{http://grass.osgeo.org/grass71/manuals/r.watershed.html}},
  note = {Accessed: 2015-05-05}
}

@misc{rcost,
  author = {Antony Awaida and James Westervelt},
  year = {2013},
  title = {r.cost},
  howpublished = {\url{http://grass.osgeo.org/grass64/manuals/r.cost.html}},
  note = {Accessed: 2015-05-05}
}

@BOOK{pybook,
  title = {Python},
  publisher = {O'Reilly},
  year = {2013},
  author = {Mark Lutz},
  address = {1005 Gravenstein Highway North, Sebastopol, CA 95472},
  edition = {5th}
}


@misc{w3schools,
  author = {W3Schools},
  year = {2015},
  title = {HTML Introduction},
  howpublished = {\url{http://www.w3schools.com/html/html_intro.asp}},
  note = {Accessed: 2015-05-05}
}

@misc{htmlnet,
  author = {HTML.net},
  year = {2015},
  title = {Lesson 2: What is HTML?},
  howpublished = {\url{http://html.net/tutorials/html/lesson2.php}},
  note = {Accessed: 2015-05-05}
}

@misc{mozjava,
  author = {Mozilla Developer Network},
  year = {2015},
  title = {What is JavaScript?},
  howpublished = {\url{https://developer.mozilla.org/en-US/docs/Web/JavaScript/Guide/Introduction#What_is_JavaScript.3F}},
  note = {Accessed: 2015-05-05}
}

@misc{ogcwps,
  author = "{Open Geospatial Consortium}",
  year = {2015},
  title = {OGC® WPS 2.0 Interface Standard},
  howpublished = {\url{http://www.opengeospatial.org/standards/wps}},
  note = {Accessed: 2015-05-05}
}

@misc{pywpsweb,
  author = "{PyWPS Development Team}",
  year = {2009},
  title = {Python Web Processing Service},
  howpublished = {\url{http://pywps.wald.intevation.org}},
  note = {Accessed: 2015-05-05}
}

@techreport{ogcwps1,
  author = "{Open Geospatial Consortium}",
  institution = {Open Geospatial Consortium},
  year = {2007},
  title = {OpenGIS® Web Processing Service}
}

@article{pywps,
	author = {Jachym Cepicky and Lorenzo Becchi},
	title = {Geospatial Processing via Internet on Remote Servers},
	journal = {OSGeo Journal},
	year = {2007},
	pages = {1 - 4},
	volume = {1}
}

@misc{flaskweb,
  author = {Armin Ronacher},
  year = {2014},
  title = {Flask},
  howpublished = {\url{http://flask.pocoo.org/}},
  note = {Accessed: 2015-05-05}
}

@BOOK{flaskbook,
  title = {Flask Web Development},
  publisher = {O'Reilly},
  year = {2014},
  author = {Miguel Grinberg},
  address = {1005 Gravenstein Highway North, Sebastopol, CA 95472},
  edition = {1st}
}

@misc{grasswiki,
  author = "{GRASS Development Team}",
  year = {2015},
  title = {Working with GRASS without starting it explicitly},
  howpublished = {\url{http://grasswiki.osgeo.org/wiki/Working_with_GRASS_without_starting_it_explicitly}},
  note = {Accessed: 2015-05-05}
}

@BOOK{grassbook,
  title = {Open Source GIS: A GRASS GIS Approach},
  publisher = {Springer Science + Business Media Inc.},
  year = {2005},
  author = {Markus Neteler and Helena Mitasova},
  address = {Boston, MA, USA},
  edition = {2nd}
}

@article{sfdmfd2,
  author = {Laura Toma and Rajiv Wickremesinghe and Lars Arge and Jeffrey S. Chase and Jeffrey Scott Vitter and Patrick N. Halpin and Dean Urban.},
  title = {Flow Computation on Massive Grid Terrains},
  journal = {GeoInformatica, International Journal on Advances of Computer Science for Geographic Information Systems},
  year = {2001}
}

@article{sfdmfd,
  author = {Laura Toma and Rajiv Wickremesinghe and Lars Arge and Jeffrey S. Chase and Jeffrey Scott Vitter and Patrick N. Halpin and Dean Urban.},
  title = {Flow Computation on Massive Grid},
  journal = {Proc. ACM Symposium on Advances in Geographic Information Systems},
  year = {2001}
}

@misc{watershed,
  author = {ESRI},
  title = {How Watershed works},
  howpublished = {\url{
http://resources.arcgis.com/en/help/main/10.1/index.html#//009z00000068000000}},
  note = {Accessed: 2015-05-05}
}


@misc{costdistance,
  author = {ESRI},
  title = {Cost Distance (Spatial Analyst)},
  howpublished = {\url{
http://help.arcgis.com/en/arcgisdesktop/10.0/help/index.html#//009z00000018000000.htm}},
  note = {Accessed: 2015-05-05}
}

@misc{opensource,
  author = {Open Source Initiative},
  year = {2015},
  title = {The Open Source Definition},
  howpublished = {\url{
http://opensource.org/docs/osd}},
  note = {Accessed: 2015-05-05}
}

@BOOK{osbook,
  title = {Understanding Open Source and Free Software Licensing},
  publisher = {O'Reilly},
  year = {2004},
  author = {Andrew M. St. Laurent},
  address = {1005 Gravenstein Highway North, Sebastopol, CA 95472},
  edition = {1st}
}

@article{osarticle,
	author = {Stefan Steininger and Andrew J. S. Hunter},
	title = {2012 Free and Open Source GIS Software Map - A Guide to Facilitate Research, Development and Adoption},
	journal = {Computer Environment and Urban Systems},
	year = {2012}
}

@article{osbookde,
	author = {Grassmuck, V.},
	title = {Freie Software zwischen Privat- und Gemeineigentum},
	journal = {Budenszentrale für Bildung},
	year = {2004}
}


@BOOK{bentley:1999,
  title = {{P}rogramming {P}earls},
  publisher = {Addison--Wesley},
  year = {1999},
  author = {Jon Bentley},
  address = {Boston, MA, USA},
  edition = {2nd}
}

@BOOK{bringhurst:2002,
  title = {{T}he {E}lements of {T}ypographic {S}tyle},
  publisher = {Hartley \& Marks Publishers},
  year = {2008},
  author = {Robert Bringhurst},
  series = {Version 3.2},
  address = {Point Roberts, WA, USA}
}

@BOOK{cormen:2001,
  title = {{I}ntroduction to {A}lgorithms},
  publisher = {The MIT Press},
  year = {2001},
  author = {Cormen, Thomas H. and Leiserson, Charles E. and Rivest, Ronald L.
	and Clifford Stein},
  address = {Cambridge, MA, USA},
  edition = {2nd}
}

@BOOK{dueck:trio,
  title = {{D}ueck's {T}rilogie: {O}mnisophie -- {S}upramanie -- {T}opothesie},
  publisher = {Springer, Berlin},
  year = {2005},
  author = {Gunter Dueck},
  note = {\url{http://www.omnisophie.com}}
}

@ARTICLE{knuth:1976,
  author = {Knuth, Donald E.},
  title = {{B}ig {O}micron and {B}ig {O}mega and {B}ig {T}heta},
  journal = {SIGACT News},
  year = {1976},
  volume = {8},
  pages = {18--24},
  number = {2},
  month = {April/June},
  address = {New York, NY, USA},
  publisher = {ACM Press}
}

@ARTICLE{knuth:1974,
  author = {Knuth, Donald E.},
  title = {{C}omputer {P}rogramming as an {A}rt},
  journal = {Communications of the ACM},
  year = {1974},
  volume = {17},
  pages = {667--673},
  number = {12},
  month = {December },
  address = {New York, NY, USA},
  publisher = {ACM Press}
}

@BOOK{sommerville:1992,
  title = {{S}oftware {E}ngineering},
  publisher = {Addison-Wesley},
  year = {1992},
  author = {Ian Sommerville},
  address = {Boston, MA, USA},
  edition = {4th}
}

